@book{ExampleBook,
    title         = {},
    subtitle      = {},
    author        = {},
    year          = {},
    edition       = {},
    publisher     = {}
}

@online{ExampleOnline,
    title         = {},
    author        = {},
    date          = {},
    url           = {}
}

@article{ExampleArticle,
    author        = {},
    title         = {},
    journal       = {},
    volume        = {},
    number        = {},
    year          = {}
}